% Use this file for citations not found in the ACL Anthology (contained in "anthology.bib").

@book{Aho:72,
    author  = {Alfred V. Aho and Jeffrey D. Ullman},
    title   = {The Theory of Parsing, Translation and Compiling},
    year    = "1972",
    volume  = "1",
    publisher = {Prentice-Hall},
    address = {Englewood Cliffs, NJ}
}

@book{APA:83,
    author  = {{American Psychological Association}},
    title   = {Publications Manual},
    year    = "1983",
    publisher = {American Psychological Association},
    address = {Washington, DC}
}

@article{Chandra:81,
	author = {Ashok K. Chandra and Dexter C. Kozen and Larry J. Stockmeyer},
	year = "1981",
	title = {Alternation},
	journal = {Journal of the Association for Computing Machinery},
	volume = "28",
	number = "1",
	pages = "114--133",
	doi = "10.1145/322234.322243",
}

@inproceedings{andrew2007scalable,
  title={Scalable training of {L1}-regularized log-linear models},
  author={Andrew, Galen and Gao, Jianfeng},
  booktitle={Proceedings of the 24th International Conference on Machine Learning},
  pages={33--40},
  year={2007},
}

@book{Gusfield:97,
    author  = {Dan Gusfield},
    title   = {Algorithms on Strings, Trees and Sequences},
    year    = "1997",
    publisher = {Cambridge University Press},
    address = {Cambridge, UK}
}

@article{rasooli-tetrault-2015,
    author    = {Mohammad Sadegh Rasooli and Joel R. Tetreault},
    title     = {Yara Parser: {A} Fast and Accurate Dependency Parser},
    journal   = {Computing Research Repository},
    volume    = {arXiv:1503.06733},
    year      = {2015},
    url       = {http://arxiv.org/abs/1503.06733},
    note    = {version 2}
}

@article{Ando2005,
	Acmid = {1194905},
	Author = {Ando, Rie Kubota and Zhang, Tong},
	Issn = {1532-4435},
	Issue_Date = {12/1/2005},
	Journal = {Journal of Machine Learning Research},
	Month = dec,
	Numpages = {37},
	Pages = {1817--1853},
	Publisher = {JMLR.org},
	Title = {A Framework for Learning Predictive Structures from Multiple Tasks and Unlabeled Data},
	Volume = {6},
	Year = {2005}
}

@article{tst_survey,
  author    = {Di Jin and
               Zhijing Jin and
               Zhiting Hu and
               Olga Vechtomova and
               Rada Mihalcea},
  title     = {Deep Learning for Text Style Transfer: {A} Survey},
  journal   = {CoRR},
  volume    = {abs/2011.00416},
  year      = {2020},
  url       = {https://arxiv.org/abs/2011.00416},
  eprinttype = {arXiv},
  eprint    = {2011.00416},
  timestamp = {Tue, 27 Apr 2021 16:14:25 +0200},
  biburl    = {https://dblp.org/rec/journals/corr/abs-2011-00416.bib},
  bibsource = {dblp computer science bibliography, https://dblp.org}
}
@article{s2s_style,
  author    = {Sudha Rao and
               Joel R. Tetreault},
  title     = {Dear Sir or Madam, May {I} introduce the {YAFC} Corpus: Corpus, Benchmarks
               and Metrics for Formality Style Transfer},
  journal   = {CoRR},
  volume    = {abs/1803.06535},
  year      = {2018},
  url       = {http://arxiv.org/abs/1803.06535},
  eprinttype = {arXiv},
  eprint    = {1803.06535},
  timestamp = {Mon, 13 Aug 2018 16:47:36 +0200},
  biburl    = {https://dblp.org/rec/journals/corr/abs-1803-06535.bib},
  bibsource = {dblp computer science bibliography, https://dblp.org}
}
@article{gpt-3,
  author    = {Tom B. Brown and
               Benjamin Mann and
               Nick Ryder and
               Melanie Subbiah and
               Jared Kaplan and
               Prafulla Dhariwal and
               Arvind Neelakantan and
               Pranav Shyam and
               Girish Sastry and
               Amanda Askell and
               Sandhini Agarwal and
               Ariel Herbert{-}Voss and
               Gretchen Krueger and
               Tom Henighan and
               Rewon Child and
               Aditya Ramesh and
               Daniel M. Ziegler and
               Jeffrey Wu and
               Clemens Winter and
               Christopher Hesse and
               Mark Chen and
               Eric Sigler and
               Mateusz Litwin and
               Scott Gray and
               Benjamin Chess and
               Jack Clark and
               Christopher Berner and
               Sam McCandlish and
               Alec Radford and
               Ilya Sutskever and
               Dario Amodei},
  title     = {Language Models are Few-Shot Learners},
  journal   = {CoRR},
  volume    = {abs/2005.14165},
  year      = {2020},
  url       = {https://arxiv.org/abs/2005.14165},
  eprinttype = {arXiv},
  eprint    = {2005.14165},
  timestamp = {Wed, 03 Jun 2020 11:36:54 +0200},
  biburl    = {https://dblp.org/rec/journals/corr/abs-2005-14165.bib},
  bibsource = {dblp computer science bibliography, https://dblp.org}
}
@article{t5,
  author    = {Colin Raffel and
               Noam Shazeer and
               Adam Roberts and
               Katherine Lee and
               Sharan Narang and
               Michael Matena and
               Yanqi Zhou and
               Wei Li and
               Peter J. Liu},
  title     = {Exploring the Limits of Transfer Learning with a Unified Text-to-Text
               Transformer},
  journal   = {CoRR},
  volume    = {abs/1910.10683},
  year      = {2019},
  url       = {http://arxiv.org/abs/1910.10683},
  eprinttype = {arXiv},
  eprint    = {1910.10683},
  timestamp = {Fri, 05 Feb 2021 15:43:41 +0100},
  biburl    = {https://dblp.org/rec/journals/corr/abs-1910-10683.bib},
  bibsource = {dblp computer science bibliography, https://dblp.org}
}
@article{bart,
  author    = {Mike Lewis and
               Yinhan Liu and
               Naman Goyal and
               Marjan Ghazvininejad and
               Abdelrahman Mohamed and
               Omer Levy and
               Veselin Stoyanov and
               Luke Zettlemoyer},
  title     = {{BART:} Denoising Sequence-to-Sequence Pre-training for Natural Language
               Generation, Translation, and Comprehension},
  journal   = {CoRR},
  volume    = {abs/1910.13461},
  year      = {2019},
  url       = {http://arxiv.org/abs/1910.13461},
  eprinttype = {arXiv},
  eprint    = {1910.13461},
  timestamp = {Thu, 31 Oct 2019 14:02:26 +0100},
  biburl    = {https://dblp.org/rec/journals/corr/abs-1910-13461.bib},
  bibsource = {dblp computer science bibliography, https://dblp.org}
}
@article{comet,
  author    = {Jena D. Hwang and
               Chandra Bhagavatula and
               Ronan Le Bras and
               Jeff Da and
               Keisuke Sakaguchi and
               Antoine Bosselut and
               Yejin Choi},
  title     = {{COMET-ATOMIC} 2020: On Symbolic and Neural Commonsense Knowledge
               Graphs},
  journal   = {CoRR},
  volume    = {abs/2010.05953},
  year      = {2020},
  url       = {https://arxiv.org/abs/2010.05953},
  eprinttype = {arXiv},
  eprint    = {2010.05953},
  timestamp = {Tue, 20 Oct 2020 15:08:10 +0200},
  biburl    = {https://dblp.org/rec/journals/corr/abs-2010-05953.bib},
  bibsource = {dblp computer science bibliography, https://dblp.org}
}
@article{kblm,
  author    = {Fabio Petroni and
               Tim Rockt{\"{a}}schel and
               Patrick S. H. Lewis and
               Anton Bakhtin and
               Yuxiang Wu and
               Alexander H. Miller and
               Sebastian Riedel},
  title     = {Language Models as Knowledge Bases?},
  journal   = {CoRR},
  volume    = {abs/1909.01066},
  year      = {2019},
  url       = {http://arxiv.org/abs/1909.01066},
  eprinttype = {arXiv},
  eprint    = {1909.01066},
  timestamp = {Tue, 21 Jan 2020 08:54:02 +0100},
  biburl    = {https://dblp.org/rec/journals/corr/abs-1909-01066.bib},
  bibsource = {dblp computer science bibliography, https://dblp.org}
}
@article{domain_adaptation,
  author    = {Suchin Gururangan and
               Ana Marasovic and
               Swabha Swayamdipta and
               Kyle Lo and
               Iz Beltagy and
               Doug Downey and
               Noah A. Smith},
  title     = {Don't Stop Pretraining: Adapt Language Models to Domains and Tasks},
  journal   = {CoRR},
  volume    = {abs/2004.10964},
  year      = {2020},
  url       = {https://arxiv.org/abs/2004.10964},
  eprinttype = {arXiv},
  eprint    = {2004.10964},
  timestamp = {Sat, 23 Jan 2021 01:12:02 +0100},
  biburl    = {https://dblp.org/rec/journals/corr/abs-2004-10964.bib},
  bibsource = {dblp computer science bibliography, https://dblp.org}
}

@inproceedings{bert-score,
  title={BERTScore: Evaluating Text Generation with BERT},
  author={Tianyi Zhang* and Varsha Kishore* and Felix Wu* and Kilian Q. Weinberger and Yoav Artzi},
  booktitle={International Conference on Learning Representations},
  year={2020},
  url={https://openreview.net/forum?id=SkeHuCVFDr}
}

@inproceedings{reimers-2019-sentence-bert,
    title = "Sentence-BERT: Sentence Embeddings using Siamese BERT-Networks",
    author = "Reimers, Nils and Gurevych, Iryna",
    booktitle = "Proceedings of the 2019 Conference on Empirical Methods in Natural Language Processing",
    month = "11",
    year = "2019",
    publisher = "Association for Computational Linguistics",
    url = "http://arxiv.org/abs/1908.10084",
}

@inproceedings{papineni-etal-2002-bleu,
    title = "{B}leu: a Method for Automatic Evaluation of Machine Translation",
    author = "Papineni, Kishore  and
      Roukos, Salim  and
      Ward, Todd  and
      Zhu, Wei-Jing",
    booktitle = "Proceedings of the 40th Annual Meeting of the Association for Computational Linguistics",
    month = jul,
    year = "2002",
    address = "Philadelphia, Pennsylvania, USA",
    publisher = "Association for Computational Linguistics",
    url = "https://aclanthology.org/P02-1040",
    doi = "10.3115/1073083.1073135",
    pages = "311--318",
}

@book{bird2009natural,
  title={Natural language processing with Python: analyzing text with the natural language toolkit},
  author={Bird, Steven and Klein, Ewan and Loper, Edward},
  year={2009},
  publisher={" O'Reilly Media, Inc."}
}
