@article{tst_survey,
  author    = {Di Jin and
               Zhijing Jin and
               Zhiting Hu and
               Olga Vechtomova and
               Rada Mihalcea},
  title     = {Deep Learning for Text Style Transfer: {A} Survey},
  journal   = {CoRR},
  volume    = {abs/2011.00416},
  year      = {2020},
  url       = {https://arxiv.org/abs/2011.00416},
  eprinttype = {arXiv},
  eprint    = {2011.00416},
  timestamp = {Tue, 27 Apr 2021 16:14:25 +0200},
  biburl    = {https://dblp.org/rec/journals/corr/abs-2011-00416.bib},
  bibsource = {dblp computer science bibliography, https://dblp.org}
}

@article{s2s_style,
  author    = {Sudha Rao and
               Joel R. Tetreault},
  title     = {Dear Sir or Madam, May {I} introduce the {YAFC} Corpus: Corpus, Benchmarks
               and Metrics for Formality Style Transfer},
  journal   = {CoRR},
  volume    = {abs/1803.06535},
  year      = {2018},
  url       = {http://arxiv.org/abs/1803.06535},
  eprinttype = {arXiv},
  eprint    = {1803.06535},
  timestamp = {Mon, 13 Aug 2018 16:47:36 +0200},
  biburl    = {https://dblp.org/rec/journals/corr/abs-1803-06535.bib},
  bibsource = {dblp computer science bibliography, https://dblp.org}
}

@article{gpt-3,
  author    = {Tom B. Brown and
               Benjamin Mann and
               Nick Ryder and
               Melanie Subbiah and
               Jared Kaplan and
               Prafulla Dhariwal and
               Arvind Neelakantan and
               Pranav Shyam and
               Girish Sastry and
               Amanda Askell and
               Sandhini Agarwal and
               Ariel Herbert{-}Voss and
               Gretchen Krueger and
               Tom Henighan and
               Rewon Child and
               Aditya Ramesh and
               Daniel M. Ziegler and
               Jeffrey Wu and
               Clemens Winter and
               Christopher Hesse and
               Mark Chen and
               Eric Sigler and
               Mateusz Litwin and
               Scott Gray and
               Benjamin Chess and
               Jack Clark and
               Christopher Berner and
               Sam McCandlish and
               Alec Radford and
               Ilya Sutskever and
               Dario Amodei},
  title     = {Language Models are Few-Shot Learners},
  journal   = {CoRR},
  volume    = {abs/2005.14165},
  year      = {2020},
  url       = {https://arxiv.org/abs/2005.14165},
  eprinttype = {arXiv},
  eprint    = {2005.14165},
  timestamp = {Wed, 03 Jun 2020 11:36:54 +0200},
  biburl    = {https://dblp.org/rec/journals/corr/abs-2005-14165.bib},
  bibsource = {dblp computer science bibliography, https://dblp.org}
}

@article{t5,
  author    = {Colin Raffel and
               Noam Shazeer and
               Adam Roberts and
               Katherine Lee and
               Sharan Narang and
               Michael Matena and
               Yanqi Zhou and
               Wei Li and
               Peter J. Liu},
  title     = {Exploring the Limits of Transfer Learning with a Unified Text-to-Text
               Transformer},
  journal   = {CoRR},
  volume    = {abs/1910.10683},
  year      = {2019},
  url       = {http://arxiv.org/abs/1910.10683},
  eprinttype = {arXiv},
  eprint    = {1910.10683},
  timestamp = {Fri, 05 Feb 2021 15:43:41 +0100},
  biburl    = {https://dblp.org/rec/journals/corr/abs-1910-10683.bib},
  bibsource = {dblp computer science bibliography, https://dblp.org}
}

@article{bart,
  author    = {Mike Lewis and
               Yinhan Liu and
               Naman Goyal and
               Marjan Ghazvininejad and
               Abdelrahman Mohamed and
               Omer Levy and
               Veselin Stoyanov and
               Luke Zettlemoyer},
  title     = {{BART:} Denoising Sequence-to-Sequence Pre-training for Natural Language
               Generation, Translation, and Comprehension},
  journal   = {CoRR},
  volume    = {abs/1910.13461},
  year      = {2019},
  url       = {http://arxiv.org/abs/1910.13461},
  eprinttype = {arXiv},
  eprint    = {1910.13461},
  timestamp = {Thu, 31 Oct 2019 14:02:26 +0100},
  biburl    = {https://dblp.org/rec/journals/corr/abs-1910-13461.bib},
  bibsource = {dblp computer science bibliography, https://dblp.org}
}

@article{comet,
  author    = {Jena D. Hwang and
               Chandra Bhagavatula and
               Ronan Le Bras and
               Jeff Da and
               Keisuke Sakaguchi and
               Antoine Bosselut and
               Yejin Choi},
  title     = {{COMET-ATOMIC} 2020: On Symbolic and Neural Commonsense Knowledge
               Graphs},
  journal   = {CoRR},
  volume    = {abs/2010.05953},
  year      = {2020},
  url       = {https://arxiv.org/abs/2010.05953},
  eprinttype = {arXiv},
  eprint    = {2010.05953},
  timestamp = {Tue, 20 Oct 2020 15:08:10 +0200},
  biburl    = {https://dblp.org/rec/journals/corr/abs-2010-05953.bib},
  bibsource = {dblp computer science bibliography, https://dblp.org}
}

@article{kblm,
  author    = {Fabio Petroni and
               Tim Rockt{\"{a}}schel and
               Patrick S. H. Lewis and
               Anton Bakhtin and
               Yuxiang Wu and
               Alexander H. Miller and
               Sebastian Riedel},
  title     = {Language Models as Knowledge Bases?},
  journal   = {CoRR},
  volume    = {abs/1909.01066},
  year      = {2019},
  url       = {http://arxiv.org/abs/1909.01066},
  eprinttype = {arXiv},
  eprint    = {1909.01066},
  timestamp = {Tue, 21 Jan 2020 08:54:02 +0100},
  biburl    = {https://dblp.org/rec/journals/corr/abs-1909-01066.bib},
  bibsource = {dblp computer science bibliography, https://dblp.org}
}

@article{domain_adaptation,
  author    = {Suchin Gururangan and
               Ana Marasovic and
               Swabha Swayamdipta and
               Kyle Lo and
               Iz Beltagy and
               Doug Downey and
               Noah A. Smith},
  title     = {Don't Stop Pretraining: Adapt Language Models to Domains and Tasks},
  journal   = {CoRR},
  volume    = {abs/2004.10964},
  year      = {2020},
  url       = {https://arxiv.org/abs/2004.10964},
  eprinttype = {arXiv},
  eprint    = {2004.10964},
  timestamp = {Sat, 23 Jan 2021 01:12:02 +0100},
  biburl    = {https://dblp.org/rec/journals/corr/abs-2004-10964.bib},
  bibsource = {dblp computer science bibliography, https://dblp.org}
}
